@article{botev2010kernel,
  title={Kernel density estimation via diffusion},
  author={Botev, Zdravko I and Grotowski, Joseph F and Kroese, Dirk P and others},
  journal={The annals of Statistics},
  volume={38},
  number={5},
  pages={2916--2957},
  year={2010},
  publisher={Institute of Mathematical Statistics}
}

@article{abramson1982bandwidth,
  title={On bandwidth variation in kernel estimates-a square root law},
  author={Abramson, Ian S},
  journal={The annals of Statistics},
  pages={1217--1223},
  year={1982},
  publisher={JSTOR}
}