@article{alain2014regularized,
  title={What regularized auto-encoders learn from the data-generating distribution},
  author={Alain, Guillaume and Bengio, Yoshua},
  journal={The Journal of Machine Learning Research},
  volume={15},
  number={1},
  pages={3563--3593},
  year={2014},
  publisher={JMLR. org}
}

@article{doersch2016tutorial,
  title={Tutorial on variational autoencoders},
  author={Doersch, Carl},
  journal={arXiv preprint arXiv:1606.05908},
  year={2016}
}

@inproceedings{sohn2015learning,
  title={Learning structured output representation using deep conditional generative models},
  author={Sohn, Kihyuk and Lee, Honglak and Yan, Xinchen},
  booktitle={Advances in neural information processing systems},
  pages={3483--3491},
  year={2015}
}

@article{higgins2017beta,
  title={beta-VAE: Learning Basic Visual Concepts with a Constrained Variational Framework.},
  author={Higgins, Irina and Matthey, Loic and Pal, Arka and Burgess, Christopher and Glorot, Xavier and Botvinick, Matthew and Mohamed, Shakir and Lerchner, Alexander},
  journal={Iclr},
  volume={2},
  number={5},
  pages={6},
  year={2017}
}

@inproceedings{arora2012provable,
  title={Provable ICA with unknown Gaussian noise, with implications for Gaussian mixtures and autoencoders},
  author={Arora, Sanjeev and Ge, Rong and Moitra, Ankur and Sachdeva, Sushant},
  booktitle={Advances in Neural Information Processing Systems},
  pages={2375--2383},
  year={2012}
}

@inproceedings{nguyen2019dynamics,
  title={On the dynamics of gradient descent for autoencoders},
  author={Nguyen, Thanh V and Wong, Raymond KW and Hegde, Chinmay},
  booktitle={The 22nd International Conference on Artificial Intelligence and Statistics},
  pages={2858--2867},
  year={2019}
}