@book{har75,
  title={Clustering Algorithms},
  author={Hartigan, J.},
  publisher={John Wiley \& Sons},
  year={1975}
}

@article{gon85,
  title={Clustering to minimize the maximum intercluster distance},
  author={Gonzalez, T.},
  journal={Theoretical Computer Science},
  volume={38},
  pages={293--306},
  year={1985},
  publisher={Elsevier}
}

@book{das2008,
  title={The hardness of $k$-means clustering},
  author={Dasgupta, S.},
  year={2008},
  publisher={Department of Computer Science and Engineering, University of California, San Diego}
}

@inproceedings{art2007,
  title={$k$-means++: The advantages of careful seeding},
  author={Arthur, David and Vassilvitskii, Sergei},
  booktitle={Proceedings of the eighteenth annual ACM-SIAM symposium on Discrete algorithms},
  pages={1027--1035},
  year={2007},
  organization={Society for Industrial and Applied Mathematics}
}

@article{kan2004,
  title={A local search approximation algorithm for k-means clustering},
  author={Kanungo, Tapas and Mount, David M and Netanyahu, Nathan S and Piatko, Christine D and Silverman, Ruth and Wu, Angela Y},
  journal={Computational Geometry},
  volume={28},
  number={2-3},
  pages={89--112},
  year={2004},
  publisher={Elsevier}
}

@book{cor2009,
  title={Introduction to algorithms},
  author={Cormen, Thomas H and Leiserson, Charles E and Rivest, Ronald L and Stein, Clifford},
  year={2009},
  publisher={MIT press}
}

@misc{af10,
  title = {Slick proof? A vector space has the same dimension as its dual if and only if it is finite dimensional},
  author = {Ferretti, A.},
  howpublished = "MathOverflow",
  year = {2010},
  note = "Accessed 22 July 2018 @ \href{https://mathoverflow.net/questions/13322/}{link}"
}

@inproceedings{ackerman,
  title={Characterization of Linkage-based Clustering.},
  author={Ackerman, Margareta and Ben-David, Shai and Loker, David},
  booktitle={COLT},
  pages={270--281},
  year={2010}
}

@article{balcan,
  title={k-center Clustering under Perturbation Resilience},
  author={Maria-Florina Balcan, Nika Haghtalab, Colin White},
  year={2018},
}

@article{bendavid,
  title={Data stability in clustering: A closer look},
  author={Shalev Ben-David, Lev Reyzin},
  year={2014},
  publisher={Elsevier}
}

@article{Archer2001,
  title={Two $O(log*k)$-Approximation Algorithms for the Asymmetric $k$-Center Problem},
  author={Aaron Archer},
  journal={Integer Programming and Combinatorial Optimization},
  volume={2081},
  pages={1-14},
  year={2001},
  publisher={Elsevier}
}

@inproceedings{chaudhuri,
  title={Spectral clustering of graphs with general degrees in the extended planted partition model},
  author={Chaudhuri, Kamalika and Chung, Fan and Tsiatas, Alexander},
  booktitle={Conference on Learning Theory},
  pages={35--1},
  year={2012}
}

@article{aglclus,
  author = { Joe H.   Ward   Jr. },
  title = {Hierarchical Grouping to Optimize an Objective Function},
  journal = {Journal of the American Statistical Association},
  volume = {58},
  number = {301},
  pages = {236-244},
  year  = {1963},
  publisher = {Taylor & Francis},
  doi = {10.1080/01621459.1963.10500845},

  URL = { 
          https://www.tandfonline.com/doi/abs/10.1080/01621459.1963.10500845
      
  },
  eprint = { 
          https://www.tandfonline.com/doi/pdf/10.1080/01621459.1963.10500845
      
  }

}

@article{bilmes,
  title={A gentle tutorial of the EM algorithm and its application to parameter estimation for Gaussian mixture and hidden Markov models},
  author={Bilmes, Jeff A and others},
  journal={International Computer Science Institute},
  volume={4},
  number={510},
  pages={126},
  year={1998}
}

@inproceedings{klnbrgimp,
  title={An impossibility theorem for clustering},
  author={Kleinberg, Jon M},
  booktitle={Advances in neural information processing systems},
  pages={463--470},
  year={2003}
}

@article{aryamount,
  title={Approximate range searching},
  author={S. Arya and D. Mount},
  journal={Proc. 11th Annu. ACM Sympos. Comput. Geom.},
  pages={172-181},
  year={1995}
}

@article{deshpande,
  title={NP-hardness of Euclidean sum-of-squares clustering},
  author={Aloise, Daniel and Deshpande, Amit and Hansen, Pierre and Popat, Preyas},
  journal={Machine learning},
  volume={75},
  number={2},
  pages={245--248},
  year={2009},
  publisher={Springer}
}

@article{vattani,
  title={The hardness of k-means clustering in the plane},
  author={Andrea Vattani},
  year={2010},
  URL={https://cseweb.ucsd.edu/~avattani/papers/kmeans_hardness.pdf}
}

@article{matousek,
  title={On Approximate Geometric k -Clustering},
  author={Matou≈°ek, J.},
  volume={24},
  journal={Discrete Comput Geom},
  pages={61-84},
  year={2000},
  URL={https://link.springer.com/content/pdf/10.1007%2Fs004540010019.pdf}
}

@article{matula1990sparsest,
  title={Sparsest cuts and bottlenecks in graphs},
  author={Matula, David W and Shahrokhi, Farhad},
  journal={Discrete Applied Mathematics},
  volume={27},
  number={1-2},
  pages={113--123},
  year={1990},
  publisher={Elsevier}
} 

@book{garey1979computers,
  title={Computers and intractability},
  author={Garey, Michael R and Johnson, David S},
  volume={174}
}

@incollection{SD,
title = {Rates of convergence for the cluster tree},
author = {Chaudhuri, Kamalika and Dasgupta, Sanjoy},
booktitle = {Advances in Neural Information Processing Systems 23},
editor = {J. D. Lafferty and C. K. I. Williams and J. Shawe-Taylor and R. S. Zemel and A. Culotta},
pages = {343--351},
year = {2010},
publisher = {Curran Associates, Inc.},
url = {http://papers.nips.cc/paper/4068-rates-of-convergence-for-the-cluster-tree.pdf}
}

@article{das2016,
  title={A cost function for similarity-based hierarchical clustering},
  author={Sanjoy Dasgupta},
  pages={1--18},
  year={2016}
} 

