@article{andoni2018approximate,
  title={Approximate nearest neighbor search in high dimensions},
  author={Andoni, Alexandr and Indyk, Piotr and Razenshteyn, Ilya},
  journal={arXiv preprint arXiv:1806.09823},
  volume={7},
  year={2018},
  publisher={World Scientific}
}

@inproceedings{dasgupta2008random,
  title={Random projection trees and low dimensional manifolds},
  author={Dasgupta, Sanjoy and Freund, Yoav},
  booktitle={Proceedings of the fortieth annual ACM symposium on Theory of computing},
  pages={537--546},
  year={2008}
}

@inproceedings{dasgupta2013randomized,
  title={Randomized partition trees for exact nearest neighbor search},
  author={Dasgupta, Sanjoy and Sinha, Kaushik},
  booktitle={Conference on Learning Theory},
  pages={317--337},
  year={2013}
}

@article{athitsos2005learning,
  title={Learning Embeddings for Fast Approximate Nearest Neighbor Retrieval},
  author={Athitsos, Vassilis and Alon, Jonathan and Sclaroff, Stan and Kollios, George},
  journal={Nearest-neighbor Methods in Learning and Vision: Theory and Practice},
  pages={143},
  year={2005},
  publisher={Mit Press}
}

@article{fu2019fast,
  title={Fast approximate nearest neighbor search with the navigating spreading-out graph},
  author={Fu, Cong and Xiang, Chao and Wang, Changxu and Cai, Deng},
  journal={Proceedings of the VLDB Endowment},
  volume={12},
  number={5},
  pages={461--474},
  year={2019},
  publisher={VLDB Endowment}
}
