@article{duarte,
  title={Single-pixel imaging via compressive sampling},
  author={Duarte, Marco F and Davenport, Mark A and Takhar, Dharmpal and Laska, Jason N and Sun, Ting and Kelly, Kevin F and Baraniuk, Richard G},
  journal={IEEE signal processing magazine},
  volume={25},
  number={2},
  pages={83--91},
  year={2008},
  publisher={IEEE}
}

@inproceedings{chatterji2017alternating,
  title={Alternating minimization for dictionary learning with random initialization},
  author={Chatterji, Niladri and Bartlett, Peter L},
  booktitle={Advances in Neural Information Processing Systems},
  pages={1997--2006},
  year={2017}
}

@article{agarwal2016learning,
  title={Learning sparsely used overcomplete dictionaries via alternating minimization},
  author={Agarwal, Alekh and Anandkumar, Animashree and Jain, Prateek and Netrapalli, Praneeth},
  journal={SIAM Journal on Optimization},
  volume={26},
  number={4},
  pages={2775--2799},
  year={2016},
  publisher={SIAM}
}


@misc{ref1,
    title={Exact Recovery of Sparsely-Used Dictionaries},
    author={Daniel A. Spielman and Huan Wang and John Wright},
    year={2012},
    eprint={1206.5882},
    archivePrefix={arXiv},
    primaryClass={cs.LG}
}