@article{tradeoff,
    author= {Christopher De Sa and         Albert Gu and Christopher R{\'{e}} and Frederic Sala},
    title     = {Representation Tradeoffs for Hyperbolic Embeddings},
    journal   = {CoRR},
    volume    = {abs/1804.03329},
    year      = {2018},
    url       = {http://arxiv.org/abs/1804.03329},
    biburl    = {https://dblp.org/rec/journals/corr/abs-1804-03329.bib}
}

@incollection{Poincar\'e,
    title = {Poincar\'{e} Embeddings for Learning Hierarchical Representations},
    author = {Nickel, Maximillian and Kiela, Douwe},
    journal = {Advances in Neural Information Processing Systems 30},
    pages = {6338--6347},
    year = {2017},
    url = {http://papers.nips.cc/paper/7213-poincare-embeddings-for-learning-hierarchical-representations.pdf}
}


@InProceedings{Sarkar,
    author="Sarkar, Rik",
    title="Low Distortion Delaunay Embedding of Trees in Hyperbolic Plane",
    booktitle="Graph Drawing",
    year="2012",
    publisher="Springer Berlin Heidelberg",
    pages="355--366"
}