@inproceedings{arora2018do,
title={Do {GAN}s learn the distribution? Some Theory and Empirics},
author={Sanjeev Arora and Andrej Risteski and Yi Zhang},
booktitle={International Conference on Learning Representations},
year={2018},
url={https://openreview.net/forum?id=BJehNfW0-},
}

@misc{arora2017eq,
title={Generalization and Equilibrium in Generative Adversarial Nets ({GAN}s)},
author={Sanjeev Arora and Rong Ge and Yingyu Liang and Tengyu Ma and Yi Zhang},
year={2017},
eprint={1703.00573},
archivePrefix={arXiv},
primaryClass={stat.ML}
}

@misc{barratt2018note,
    title={A Note on the Inception Score},
    author={Shane Barratt and Rishi Sharma},
    year={2018},
    eprint={1801.01973},
    archivePrefix={arXiv},
    primaryClass={stat.ML}
}

@misc{goodfellow2014generative,
    title={Generative Adversarial Networks},
    author={Ian J. Goodfellow and Jean Pouget-Abadie and Mehdi Mirza and Bing Xu and David Warde-Farley and Sherjil Ozair and Aaron Courville and Yoshua Bengio},
    year={2014},
    eprint={1406.2661},
    archivePrefix={arXiv},
    primaryClass={stat.ML}
}

@article{Ma_2018,
   title={Generalization and equilibrium in generative adversarial nets (GANs) (invited talk)},
   ISBN={9781450355599},
   url={http://dx.doi.org/10.1145/3188745.3232194},
   DOI={10.1145/3188745.3232194},
   journal={Proceedings of the 50th Annual ACM SIGACT Symposium on Theory of Computing  - STOC 2018},
   publisher={ACM Press},
   author={Ma, Tengyu},
   year={2018}
}

@misc{dumoulin2016adversarially,
    title={Adversarially Learned Inference},
    author={Vincent Dumoulin and Ishmael Belghazi and Ben Poole and Olivier Mastropietro and Alex Lamb and Martin Arjovsky and Aaron Courville},
    year={2016},
    eprint={1606.00704},
    archivePrefix={arXiv},
    primaryClass={stat.ML}
}

@misc{donahue2016adversarial,
    title={Adversarial Feature Learning},
    author={Jeff Donahue and Philipp Krähenbühl and Trevor Darrell},
    year={2016},
    eprint={1605.09782},
    archivePrefix={arXiv},
    primaryClass={cs.LG}
}

@misc{goodfellow2016nips,
    title={NIPS 2016 Tutorial: Generative Adversarial Networks},
    author={Ian Goodfellow},
    year={2016},
    eprint={1701.00160},
    archivePrefix={arXiv},
    primaryClass={cs.LG}
}

@misc{lotter2015unsupervised,
    title={Unsupervised Learning of Visual Structure using Predictive Generative Networks},
    author={William Lotter and Gabriel Kreiman and David Cox},
    year={2015},
    eprint={1511.06380},
    archivePrefix={arXiv},
    primaryClass={cs.LG}
}

@misc{radford2015unsupervised,
    title={Unsupervised Representation Learning with Deep Convolutional Generative Adversarial Networks},
    author={Alec Radford and Luke Metz and Soumith Chintala},
    year={2015},
    eprint={1511.06434},
    archivePrefix={arXiv},
    primaryClass={cs.LG}
}



@misc{arjovsky2017wasserstein,
    title={Wasserstein GAN},
    author={Martin Arjovsky and Soumith Chintala and Léon Bottou},
    year={2017},
    eprint={1701.07875},
    archivePrefix={arXiv},
    primaryClass={stat.ML}
}

@misc{oord2016wavenet,
    title={WaveNet: A Generative Model for Raw Audio},
    author={Aaron van den Oord and Sander Dieleman and Heiga Zen and Karen Simonyan and Oriol Vinyals and Alex Graves and Nal Kalchbrenner and Andrew Senior and Koray Kavukcuoglu},
    year={2016},
    eprint={1609.03499},
    archivePrefix={arXiv},
    primaryClass={cs.SD}
}

@misc{rezende2014stochastic,
    title={Stochastic Backpropagation and Approximate Inference in Deep Generative Models},
    author={Danilo Jimenez Rezende and Shakir Mohamed and Daan Wierstra},
    year={2014},
    eprint={1401.4082},
    archivePrefix={arXiv},
    primaryClass={stat.ML}
}

@misc{mirza2014conditional,
    title={Conditional Generative Adversarial Nets},
    author={Mehdi Mirza and Simon Osindero},
    year={2014},
    eprint={1411.1784},
    archivePrefix={arXiv},
    primaryClass={cs.LG}
}

@misc{chen2016infogan,
    title={InfoGAN: Interpretable Representation Learning by Information Maximizing Generative Adversarial Nets},
    author={Xi Chen and Yan Duan and Rein Houthooft and John Schulman and Ilya Sutskever and Pieter Abbeel},
    year={2016},
    eprint={1606.03657},
    archivePrefix={arXiv},
    primaryClass={cs.LG}
}

@misc{karras2017progressive,
    title={Progressive Growing of GANs for Improved Quality, Stability, and Variation},
    author={Tero Karras and Timo Aila and Samuli Laine and Jaakko Lehtinen},
    year={2017},
    eprint={1710.10196},
    archivePrefix={arXiv},
    primaryClass={cs.NE}
}

@misc{zhu2017unpaired,
    title={Unpaired Image-to-Image Translation using Cycle-Consistent Adversarial Networks},
    author={Jun-Yan Zhu and Taesung Park and Phillip Isola and Alexei A. Efros},
    year={2017},
    eprint={1703.10593},
    archivePrefix={arXiv},
    primaryClass={cs.CV}
}

@misc{karras2018stylebased,
    title={A Style-Based Generator Architecture for Generative Adversarial Networks},
    author={Tero Karras and Samuli Laine and Timo Aila},
    year={2018},
    eprint={1812.04948},
    archivePrefix={arXiv},
    primaryClass={cs.NE}
}